@misc{mirowski2018learning,
    title={Learning to Navigate in Cities Without a Map},
    author={Piotr Mirowski and Matthew Koichi Grimes and Mateusz Malinowski and Karl Moritz Hermann and Keith Anderson and Denis Teplyashin and Karen Simonyan and Koray Kavukcuoglu and Andrew Zisserman and Raia Hadsell},
    year={2018},
    eprint={1804.00168},
    archivePrefix={arXiv},
    primaryClass={cs.AI}
}
@article{2007LIBSVM,
  title={LIBSVM: A library for support vector machines},
  author={ Chang, C. C.  and  Lin, C. J. },
  journal={ACM Transactions on Intelligent Systems and Technology},
  volume={2},
  number={3, article 27},
  year={2007},
}